%---------------------------------------------------------------------------%
%-                                                                         -%
%-                             Bibliography                                -%
%-                                                                         -%
%---------------------------------------------------------------------------%
@book{wikibook2014latex,
    title={http://en.wikibooks.org/wiki/LaTeX},
    author={Wikibook},
    year={2014},
    publisher={On-line Resources}
}
@book{lamport1986document,
    title={Document Preparation System},
    author={Lamport, Leslie},
    year={1986},
    publisher={Addison-Wesley Reading, MA}
}
@article{chen2005zhulu,
    title={著录文后参考文献的规则及注意事项},
    author={陈浩元},
    key={Chen Hao Yuan},
    journal={编辑学报},
    volume={17},
    number={6},
    pages={413--415},
    year={2005}
}
@book{chu2004tushu,
    title={图书馆数字参考咨询服务研究},
    author={初景利},
    key={Chu Jing Li},
    year={2004},
    address={北京},
    publisher={北京图书馆出版社}
}
@article{stamerjohanns2009mathml,
    title={{MathML}-aware article conversion from {LaTeX}},
    author={Stamerjohanns, Heinrich and Ginev, Deyan and David, Catalin and Misev, Dimitar and Zamdzhiev, Vladimir and Kohlhase, Michael},
    journal={Towards a Digital Mathematics Library},
    volume={16},
    number={2},
    pages={109--120},
    year={2009},
    publisher={Masaryk University Press}
}
@book{hls2012jinji,
  author       = {哈里森·沃尔德伦},
  key          = {Haliseng Woerdelun},
  translator   = {谢远涛},
  title        = {经济数学与金融数学},
  address      = {北京},
  publisher    = {中国人民大学出版社},
  year         = {2012},
  pages        = {235--236},
}
@proceedings{niu2012zonghe,
  editor       = {牛志明 and 斯温兰德 and 雷光春},
  key          = {Niu Zhi Ming Siwenlande Lei Guang Chun},
  title        = {综合湿地管理国际研讨会论文集},
  address      = {北京},
  publisher    = {海洋出版社},
  year         = {2012},
}
@incollection{chen1980zhongguo,
  author       = {陈晋镳 and 张惠民 and 朱士兴 and 赵震 and
                 王振刚},
  key          = {Chen Jing Ao Zhang Hui Ming Zhu Shi Xing Zhao Zhen Wang Zhen Gang},
  title        = {蓟县震旦亚界研究},
  editor       = {中国地质科学院天津地质矿产研究所},
  booktitle    = {中国震旦亚界},
  address      = {天津},
  publisher    = {天津科学技术出版社},
  year         = {1980},
  pages        = {56--114},
}
%---------------------------------------------------------------------------%
