@ARTICLE{BCCSZ03,
	TITLE     = {{Bounded Model Checking}},
	AUTHOR    = {Biere, Armin and Cimatti, Alessandro and Clarke, Edmund
	M. and Strichman, Ofer and Zhu, Yunshan},
	JOURNAL   = {Advances in Computers},
	VOLUME    = {58},
	PAGES     = {117--148},
	YEAR      = {2003},
	PUBLISHER = {Elsevier}}

@INPROCEEDINGS{BCCZ99,
	AUTHOR    = {Armin Biere and Alessandro Cimatti and Edmund Clarke and
	Yunshan Zhu },
	TITLE     = {Symbolic Model Checking without {BDD}s},
	EDITOR    = {W. Rance Cleaveland},
	BOOKTITLE = {Proceedings of TACAS'99},
	month = {March 20-28},
	address = {Amsterdam, the Netherlands},
	SERIES    = {LNCS},
	VOLUME	  = {1579},
	PAGES     = {193--207},
	PUBLISHER = {Springer, USA},
	YEAR      = {1999}
}


@book{mcmillan93,
	author = {Kenneth L. McMillan},
	title = {Symbolic Model checking},
	year = {1993},
	address = {USA},
	publisher = {Springer}
}


@INPROCEEDINGS{Zhang14,
	AUTHOR     = {Wenhui Zhang},
	TITLE      = {{QBF Encoding of Temporal Properties and QBF-based
	Verification}},
	BOOKTITLE  = {Proceedings of IJCAR 2014},
	month = {July 19-22},
	address = {Vienna},
	PAGES      = {224--239},
	PUBLISHER  = {Springer-Verlag, Berlin},
	YEAR       = {2014}
}


@INPROCEEDINGS{Ji15,
	AUTHOR     = {Kailiang Ji},
	TITLE      = {{CTL Model Checking in Deduction Modulo}},
	BOOKTITLE  = {Proceedings of Automated Deduction - CADE-25},
	PAGES      = {295--310},
	month = {August 1-7},
	PUBLISHER  = {Springer International Publishing, Switzerland},
	address = {Berlin},
	YEAR       = {2015}
}



@INPROCEEDINGS{BEM97,
	AUTHOR    = {Ahmed Bouajjani and Javier Esparza and Oded Maler},
	TITLE     = {Reachability Analysis of Pushdown Automata: Application to Model-Checking},
	BOOKTITLE = {Proceedings of {CONCUR'97: Concurrency Theory}},
	PAGES     = {135--150},
	YEAR      = {1997},
	address = {Warsaw, Poland},
	month = {July 1-4},
	PUBLISHER ={Springer-Verlag, Berlin}
}

@BOOK{CGP01,
	AUTHOR    = {Edmund M. Clarke and Orna Grumberg and Doron Peled},
	TITLE     = {Model checking},
	PUBLISHER = {{MIT} Press},
	YEAR      = {2001},
	ISBN      = {978-0-262-03270-4},
	ADDRESS   = {Cambridge, MA, USA}
}

@ARTICLE{EmersonC82,
	AUTHOR    = {E. Allen Emerson and Edmund M. Clarke},
	TITLE     = {Using Branching Time Temporal Logic to Synthesize Synchronization Skeletons},
	JOURNAL   = {Sci. Comput. Program.},
	VOLUME    = {2},
	NUMBER    = {3},
	PAGES     = {241--266},
	YEAR      = {1982}
}

@ARTICLE{EmersonH85,
	AUTHOR    = {E. Allen Emerson and Joseph Y. Halpern},
	TITLE     = {Decision Procedures and Expressiveness in the Temporal Logic of Branching
	Time},
	JOURNAL   = {J. Comput. Syst. Sci.},
	VOLUME    = {30},
	NUMBER    = {1},
	PAGES     = {1--24},
	YEAR      = {1985}
}

@BOOK{Fitting96,
	AUTHOR    = {Melvin Fitting},
	TITLE     = {First-Order Logic and Automated Theorem Proving, Second Edition},
	SERIES    = {Graduate Texts in Computer Science},
	address = {New York},
	PUBLISHER = {Springer-Verlag},
	YEAR      = {1996},
	isbn      = {978-1-4612-7515-2}
}

@BOOK{Girard89,
	AUTHOR    = {Jean Yves Girard},
	TITLE     = {Proofs and Types},
	PUBLISHER = {Cambridge University Press, UK},
	YEAR      = {1989}
}

@BOOK{Loveland78,
	AUTHOR    = {Loveland, Donald W},
	TITLE     = {Automated Theorem Proving: A Logical Basis (Fundamental Studies in Computer Science)},
	YEAR      = {1978},
	isbn      = {0720404991},
	PUBLISHER = {Elsevier},
	address = {Amsterdam}
} 


@BOOK{Kleene09,
	AUTHOR    = {Stephen Cole Kleene},
	TITLE     = {Introduction to Metamathematics},
	PUBLISHER = {Ishi Press, California},
	YEAR      = {2009}
}

@ARTICLE{Bollig11,
	AUTHOR  = {Beate Bollig},
	TITLE   = {On the {OBDD} complexity of the most significant bit of integer multiplication},
	JOURNAL = {Theoretical Computer Science},
	VOLUME  = {412},
	NUMBER  = {18},
	PAGES   = {1686 -- 1695},
	YEAR = {2011}
}

@ARTICLE{FisherDP01,
	AUTHOR    = {Michael Fisher and Clare Dixon and Martin Peim},
	TITLE     = {Clausal Temporal Resolution},
	JOURNAL   = {{ACM} Trans. Comput. Log.},
	VOLUME    = {2},
	NUMBER    = {1},
	PAGES     = {12--56},
	YEAR      = {2001}
}

@ARTICLE{GabbayP08,
	AUTHOR    = {Dov M. Gabbay and Amir Pnueli},
	TITLE     = {A Sound and Complete Deductive System for CTL* Verification},
	JOURNAL   = {Logic JOURNAL of the {IGPL}},
	VOLUME    = {16},
	NUMBER    = {6},
	PAGES     = {499--536},
	YEAR      = {2008}
}

@ARTICLE{Reynolds01,
	AUTHOR    = {Mark Reynolds},
	TITLE     = {An Axiomatization of Full Computation Tree Logic},
	JOURNAL   = {J. Symb. Log.},
	VOLUME    = {66},
	NUMBER    = {3},
	PAGES     = {1011--1057},
	YEAR      = {2001}
}

@PhdThesis{Friedmann08,
	AUTHOR = {Oliver Friedmann},
	TITLE  = {A Proof System for $CTL^*$},
	SCHOOL = {University of Munich},
	YEAR   = {2008}
}

@INPROCEEDINGS{CimattiCGR99,
	AUTHOR    = {Alessandro Cimatti and Edmund M. Clarke and
	Fausto Giunchiglia and Marco Roveri},
	TITLE     = {NUSMV: A New Symbolic Model Verifier},
	BOOKTITLE = {Proceedings of CAV'99},
	month = {July 6-10},
	address = {Trento, Italy},
	PAGES     = {495--499},
	YEAR      = {1999},
	PUBLISHER = {Springer-Verlag, Berlin}
}

@book{Holzmann04,
	author    = {Gerard J. Holzmann},
	title     = {The {SPIN} Model Checker - primer and reference manual},
	publisher = {Addison-Wesley},
	year      = {2004},
	isbn      = {978-0-321-22862-8}
}

@ARTICLE{Bryant86,
	AUTHOR    = {Randal E. Bryant},
	TITLE     = {Graph-Based Algorithms for Boolean Function Manipulation},
	JOURNAL   = {{IEEE} Trans. Computers},
	VOLUME    = {35},
	NUMBER    = {8},
	PAGES     = {677--691},
	YEAR      = {1986}
}

@INPROCEEDINGS{Burel11,
	AUTHOR    = {Guillaume Burel},
	TITLE     = {Experimenting with Deduction Modulo},
	EDITOR    = {Viorica Sofronie-Stokkermans and Nikolaj Bj{\o}rner},
	BOOKTITLE = {Proceedings of CADE 2011},
	PAGES     = {162--176},
	YEAR      = {2011},
	month = {July 31-August 5},
	address = {Wroclaw, Poland},
	PUBLISHER =  {Springer-Verlag, Berlin}
}

@ARTICLE{DavisP60,
	AUTHOR    = {Martin Davis and
	Hilary Putnam},
	TITLE     = {A Computing Procedure for Quantification Theory},
	JOURNAL   = {J. {ACM}},
	VOLUME    = {7},
	NUMBER    = {3},
	PAGES     = {201--215},
	YEAR      = {1960}
}


@ARTICLE{Reynolds93,
	author    = {John C. Reynolds},
	title     = {The Discoveries of Continuations},
	journal   = {Lisp and Symbolic Computation},
	volume    = {6},
	number    = {3-4},
	pages     = {233--248},
	year      = {1993}
}

@BOOK{Appel06,
	AUTHOR    = {Andrew W. Appel},
	TITLE     = {Compiling with Continuations (corr. version)},
	PUBLISHER = {Cambridge University Press},
	YEAR      = {2006},
	address = {UK},
	isbn      = {978-0-521-03311-4}
}

@BOOK{Sestoft12,
	author    = {Peter Sestoft},
	title     = {Programming Language Concepts},
	series    = {Undergraduate Topics in Computer Science},
	volume    = {50},
	publisher = {Springer International Publishing},
	address = {Switzerland},
	year      = {2012},
	isbn      = {978-1-4471-4155-6}
}

@inproceedings{BCG95,
	title={Efficient On-the-Fly Model Checking for $CTL^*$},
	author={Bhat, Girish and Cleaveland, Rance and Grumberg, Orna},
	booktitle={Proceedings of LICS'95},
	pages={388--397},
	year={1995},
	month = {June 26-29},
	address = {San Diego, California, USA},
	publisher = {{IEEE} Computer Society, USA}
}

@inproceedings{PnueliK02,
	author    = {Amir Pnueli and Yonit Kesten},
	title     = {A Deductive Proof System for {CTL}},
	booktitle = {Proceedings of {CONCUR} 2002},
	address = {Brno, Czech Republic},
	month = {August 20-23},
	pages     = {24--40},
	year      = {2002},
	publisher = {Springer-Verlag, Berlin}
}

@online{GY13,
	author = {Gilles Dowek and Ying Jiang},
	title = {A logical approach to {CTL}},
	year = {2013},
	url = {http://www.lsv.ens-cachan.fr/~dowek/Publi/ctl.pdf}
}

@inproceedings{CAVCDGMMMRT14,
	author    = {Roberto Cavada and
	Alessandro Cimatti and
	Michele Dorigatti and
	Alberto Griggio and
	Alessandro Mariotti and
	Andrea Micheli and
	Sergio Mover and
	Marco Roveri and
	Stefano Tonetta},
	title     = {The NuXMV Symbolic Model Checker},
	booktitle = {Proceedings of Computer Aided Verification - 26th International Conference, {CAV}
	2014},
	publisher = {Springer International Publishing, Switzerland},
	month = {July 18-22},
	address = {Vienna, Austria},
	pages     = {334--342},
	year      = {2014}
}

@article{Peterson81,
	author    = {Gary L. Peterson},
	title     = {Myths About the Mutual Exclusion Problem},
	journal   = {Inf. Process. Lett.},
	volume    = {12},
	number    = {3},
	pages     = {115--116},
	year      = {1981}
}

@article{Holzmann97,
	author    = {Gerard J. Holzmann},
	title     = {The Model Checker {SPIN}},
	journal   = {{IEEE} Trans. Software Eng.},
	volume    = {23},
	number    = {5},
	pages     = {279--295},
	year      = {1997}
}


@inproceedings{VergauwenL93,
	author    = {Bart Vergauwen and
	Johan Lewi},
	title     = {A Linear Local Model Checking Algorithm for {CTL}},
	booktitle = {Proceedings of {CONCUR} '93, 4th International Conference on Concurrency Theory},
	month = {August 23-26},
	address = {Hildesheim, Germany},
	pages     = {447--461},
	year      = {1993},
	publisher = {Springer-Verlag, Berlin}
}

@book{BaierKatoen08,
	author    = {Christel Baier and
	Joost{-}Pieter Katoen},
	title     = {Principles of model checking},
	address = {USA},
	publisher = {{MIT} Press},
	year      = {2008}
}

@article{BiereCCSZ03,
	author    = {Armin Biere and
	Alessandro Cimatti and
	Edmund M. Clarke and
	Ofer Strichman and
	Yunshan Zhu},
	title     = {Bounded model checking},
	journal   = {Advances in Computers},
	volume    = {58},
	pages     = {117--148},
	year      = {2003}
}

@article{HeSHGS10,
	author    = {Fei He and
	Xiaoyu Song and
	William N. N. Hung and
	Ming Gu and
	Jiaguang Sun},
	title     = {Integrating Evolutionary Computation with Abstraction Refinement for
	Model Checking},
	journal   = {{IEEE} Trans. Computers},
	volume    = {59},
	number    = {1},
	pages     = {116--126},
	year      = {2010}
}

@inproceedings{BouajjaniJNT00,
	author    = {Ahmed Bouajjani and
	Bengt Jonsson and
	Marcus Nilsson and
	Tayssir Touili},
	title     = {Regular Model Checking},
	booktitle = {Proceedings of Computer Aided Verification, 12th International Conference, {CAV}
	2000},
	month = {July 15-19},
	publisher = {Springer-Verlag, Berlin},
	address = {Chicago, IL, USA},
	pages     = {403--418},
	year      = {2000}
}
@inproceedings{Burel09,
	author    = {Guillaume Burel},
	title     = {Automating Theories in Intuitionistic Logic},
	booktitle = {Proceedings of Frontiers of Combining Systems, 7th International Symposium, FroCoS
	2009},
	pages     = {181--197},
	year      = {2009},
	address = {Trento, Italy},
	month = {September 16-18},
	publisher = {Springer-Verlag, Berlin}
}

@inproceedings{PartoviL14,
	author    = {Alireza Partovi and
	Hai Lin},
	title     = {Assume-guarantee cooperative satisfaction of multi-agent systems},
	booktitle = {Proceedings of American Control Conference, {ACC} 2014},
	publisher = {IEEE, USA},
	address = {USA},
	month = {June 4-6},
	pages     = {2053--2058},
	year      = {2014}
}

@article{CrespiGL08,
	author    = {Valentino Crespi and
	Aram Galstyan and
	Kristina Lerman},
	title     = {Top-down vs bottom-up methodologies in multi-agent system design},
	journal   = {Auton. Robots},
	volume    = {24},
	number    = {3},
	pages     = {303--313},
	year      = {2008}
}

@book{Craig89,
	author    = {John J. Craig},
	title     = {Introduction to robotics - mechanics and control {(2.} ed.)},
	publisher = {Prentice Hall},
	address = {USA},
	year      = {1989},
	isbn      = {978-0-201-09528-9}
}

@article{LangeS02,
	author    = {Martin Lange and
	Colin Stirling},
	title     = {Model Checking Games for Branching Time Logics},
	journal   = {J. Log. Comput.},
	volume    = {12},
	number    = {4},
	pages     = {623--639},
	year      = {2002}
}

@inproceedings{MunozDC04,
	author    = {C{\'{e}}sar A. Mu{\~{n}}oz and
	Gilles Dowek and
	Victor Carre{\~{n}}o},
	title     = {Modeling and verification of an air traffic concept of operations},
	booktitle = {Proceedings of the {ACM/SIGSOFT} International Symposium on Software
	Testing and Analysis, {ISSTA} 2004},
	publisher = {ACM, USA},
	month = {July 11-14},
	address = {Boston, Massachusetts, USA},
	pages     = {175--182},
	year      = {2004}
}


@article{BruennlerLange,
	author    = {Kai Br{\"{u}}nnler and Martin Lange},
	title     = {Cut-free sequent systems for temporal logic},
	journal   = {J. Log. Algebr. Program.},
	volume    = {76},
	number    = {2},
	pages     = {216--225},
	year      = {2008}
}

@book{nasasats04,
	author = {NASA/TM-2004-213006},
	title = {Abstract Model of SATS Concept of Operations: Initial Results and Recommendations},
	publisher = {NASA},
	address = {USA},
	year = {2004}
}


@article{DershowitzM79,
	author    = {Nachum Dershowitz and
	Zohar Manna},
	title     = {Proving Termination with Multiset Orderings},
	journal   = {Commun. {ACM}},
	volume    = {22},
	number    = {8},
	pages     = {465--476},
	year      = {1979}
}

@article{JouannaudL82,
	author    = {Jean{-}Pierre Jouannaud and
	Pierre Lescanne},
	title     = {On Multiset Orderings},
	journal   = {Inf. Process. Lett.},
	volume    = {15},
	number    = {2},
	pages     = {57--63},
	year      = {1982}
}
ND
@article{ND82,
	author    = {Nachum Dershowitz},
	title     = {Orderings for Term-Rewriting Systems},
	journal   = {Theor. Comput. Sci.},
	volume    = {17},
	pages     = {279--301},
	year      = {1982}
}

@article{GaravelLMS13,
	author    = {Hubert Garavel and
	Fr{\'{e}}d{\'{e}}ric Lang and
	Radu Mateescu and
	Wendelin Serwe},
	title     = {{CADP} 2011: a toolbox for the construction and analysis of distributed
	processes},
	journal   = {{STTT}},
	volume    = {15},
	number    = {2},
	pages     = {89--107},
	year      = {2013}
}

@article{Dershowitz87,
	author    = {Nachum Dershowitz},
	title     = {Termination of Rewriting},
	journal   = {J. Symb. Comput.},
	volume    = {3},
	number    = {1/2},
	pages     = {69--116},
	year      = {1987}
}

@inproceedings{SarnatS09,
	author    = {Jeffrey Sarnat and
	Carsten Sch{\"{u}}rmann},
	title     = {Lexicographic Path Induction},
	booktitle = {Proceedings of Typed Lambda Calculi and Applications, 9th International Conference,
	{TLCA} 2009.},
	pages     = {279--293},
	year      = {2009},
	month = {July 1-3},
	publisher = {Springer, Berlin},
	address = {Brasilia, Brazil}
}

@book{tufte1983visual,
	title={The Visual Display of Quantitative Information},
	author={Tufte, Edward R and Graves-Morris, PR},
	volume={2},
	number={9},
	year={1983},
	publisher={Graphics press Cheshire, CT}
}

@article{byrnes2009visualizing,
	title={Visualizing Proof Search for Theorem Prover Development},
	author={Byrnes, John and Buchanan, Michael and Ernst, Michael and Miller, Philip and Roberts, Chris and Keller, Robert},
	journal={Electronic Notes in Theoretical Computer Science},
	volume={226},
	pages={23--38},
	year={2009},
	publisher={Elsevier}
}

@incollection{sakurai2011mikibeta,
	title={MikiBeta: A General {GUI} Library for Visualizing Proof Trees},
	author={Sakurai, Kanako and Asai, Kenichi},
	booktitle={Logic-Based Program Synthesis and Transformation},
	pages={84--98},
	year={2011},
	publisher={Springer}
}

@book{bajaj2003interactive,
	title={Interactive symbolic visualization of semi-automatic theorem proving},
	author={Bajaj, Chandrajit and Khandelwal, Shashank and Moore, J and Siddavanahalli, Vinay},
	year={2003},
	publisher={Computer Science Department, University of Texas at Austin}
}

@inproceedings{steel2005visualising,
	title={Visualising First-Order Proof Search},
	author={Graham Steel},
	booktitle={Proceedings of User Interfaces for Theorem Provers},
	volume={2005},
	pages={179--189},
	year={2005}
}

@article{dowek2013logical,
	title={A Logical Approach to {CTL}},
	author={Dowek, Gilles and Jiang, Ying},
	year={2013},
	url = "https://who.rocq.inria.fr/Gilles.Dowek/Publi/ctl.pdf"
}

@article{dowek2014cut,
	title={Cut-Elimination and the Decidability of Reachability in Alternating Pushdown Systems},
	author={Dowek, Gilles and Jiang, Ying},
	journal={arXiv preprint arXiv:1410.8470},
	year={2014},
	url = "https://who.rocq.inria.fr/Gilles.Dowek/Publi/reachability.pdf"
}

@incollection{bouajjani1997reachability,
	title={Reachability Analysis of Pushdown Automata: Application to Model-Checking},
	author={Bouajjani, Ahmed and Esparza, Javier and Maler, Oded},
	booktitle={CONCUR'97: Concurrency Theory},
	pages={135--150},
	year={1997},
	publisher={Springer}
}

@MISC{javawebsite,
	title =        {Java Software $|$ Oracle},
	howpublished = {\url{https://www.oracle.com/java/index.html}},
}

@MISC{joglwebsite,
	title =        {{JOGL} - Java Binding for the {OpenGL} {API}},
	howpublished = {\url{http://jogamp.org/jogl/www/}},
}

@MISC{opengl,
	title =        {{OpenGL} - The Industry Standard for High Performance Graphics},
	howpublished = {\url{https://www.opengl.org}},
}

@MISC{gephiwebsite,
	title =        {{Gephi} - The Open Graph Viz Platform},
	howpublished = {\url{http://gephi.github.io/}},
}

@book{bertot2013interactive,
	title={Interactive Theorem Proving and Program Development: Coq'Art: The Calculus of Inductive Constructions},
	author={Bertot, Yves and Cast{\'e}ran, Pierre},
	year={2013},
	publisher={Springer Science \& Business Media}
}

@book{freeman2004head,
	title={Head First Design Patterns},
	author={Freeman, Eric and Robson, Elisabeth and Bates, Bert and Sierra, Kathy},
	year={2004},
	publisher={"O'Reilly Media, Inc."}
}

@book{clarke1999model,
	title={Model Checking},
	author={Clarke, Edmund M and Grumberg, Orna and Peled, Doron},
	year={1999}
}

@BOOK{CGP01,
	AUTHOR    = {Edmund M. Clarke and Orna Grumberg and Doron Peled},
	TITLE     = {Model checking},
	PUBLISHER = {{MIT} Press},
	YEAR      = {2001},
	ISBN      = {978-0-262-03270-4},
	ADDRESS   = {Cambridge, MA, USA}
}

@BOOK{Fitting96,
	AUTHOR    = {Melvin Fitting},
	TITLE     = {First-Order Logic and Automated Theorem Proving, Second Edition},
	SERIES    = {Graduate Texts in Computer Science},
	PUBLISHER = {Springer},
	YEAR      = {1996},
	isbn      = {978-1-4612-7515-2}
}

@BOOK{Loveland78,
	AUTHOR    = {Loveland, Donald W},
	TITLE     = {Automated Theorem Proving: A Logical Basis (Fundamental Studies in Computer Science)},
	YEAR      = {1978},
	isbn      = {0720404991},
	PUBLISHER = {Elsevier}
} 

@book{bederson2003craft,
	title={The craft of information visualization: readings and reflections},
	author={Bederson, Benjamin B and Shneiderman, Ben},
	year={2003},
	publisher={Morgan Kaufmann}
}

@article{Farmer200939,
	author    = {William M. Farmer and
	Orlin G. Grigorov},
	title     = {Panoptes: An Exploration Tool for Formal Proofs},
	journal   = {Electr. Notes Theor. Comput. Sci.},
	volume    = {226},
	pages     = {39--48},
	year      = {2009}
}


@article{trac2007interactive,
	title={An interactive derivation viewer},
	author={Trac, Steven and Puzis, Yury and Sutcliffe, Geoff},
	journal={Electronic Notes in Theoretical Computer Science},
	volume={174},
	number={2},
	pages={109--123},
	year={2007},
	publisher={Elsevier}
}

@article{jacomy2014forceatlas2,
	title={ForceAtlas2, a continuous graph layout algorithm for handy network visualization designed for the Gephi software},
	author={Mathieu, Jacomy and Tommaso, Venturini and Sebastien, Heymann and Mathieu Bastian},
	journal={PLOS ONE},
	volume={9},
	number={6},
	pages={e98679},
	year={2014}
}

@article{martin2011openord,
	title={OpenOrd: an open-source toolbox for large graph layout},
	author={Martin, Shawn and Brown, W. Michael and Klavans, Richard and Boyack, Kevin W},
	journal={SPIE Proceedings},
	volume={7868},
	year={2011}
}

@article{yifanhu05,
	title={Efficient and High Quality Force-Directed Graph Drawing},
	author={Hu, Yifan},
	journal={The Matematical Journal},
	volume={10},
	pages={149-160},
	year={2005}
}

@INPROCEEDINGS{Ji15,
	AUTHOR     = {Kailiang Ji},
	TITLE      = {{CTL} Model Checking in Deduction Modulo},
	BOOKTITLE  = {Automated Deduction - CADE-25},
	SERIES     = {LNCS},
	VOLUME     = {9195},
	PAGES      = {295--310},
	PUBLISHER  = {Springer},
	YEAR       = {2015}
}

@INPROCEEDINGS{Zhang14,
	AUTHOR     = {Wenhui Zhang},
	TITLE      = {{QBF} Encoding of Temporal Properties and {QBF}-based
	Verification},
	EDITOR     = {St\'ephane Demri and Deepak Kapur and Christoph Weidenbach},
	BOOKTITLE  = {IJCAR 2014},
	SERIES     = {LNCS},
	VOLUME     = {8562},
	PAGES      = {224--239},
	PUBLISHER  = {Springer},
	YEAR       = {2014}
}

@INPROCEEDINGS{CimattiCGR99,
	AUTHOR    = {Alessandro Cimatti and Edmund M. Clarke and
	Fausto Giunchiglia and Marco Roveri},
	TITLE     = {{NUSMV}: A New Symbolic Model Verifier},
	BOOKTITLE = { CAV'99},
	PAGES     = {495--499},
	YEAR      = {1999},
	PUBLISHER = {Springer}
}

@ARTICLE{EmersonC82,
	AUTHOR    = {E. Allen Emerson and Edmund M. Clarke},
	TITLE     = {Using Branching Time Temporal Logic to Synthesize Synchronization
	Skeletons},
	JOURNAL   = {Sci. Comput. Program.},
	VOLUME    = {2},
	NUMBER    = {3},
	PAGES     = {241--266},
	YEAR      = {1982}
}

@ARTICLE{EmersonH85,
	AUTHOR    = {E. Allen Emerson and Joseph Y. Halpern},
	TITLE     = {Decision Procedures and Expressiveness in the Temporal Logic of Branching
	Time},
	JOURNAL   = {J. Comput. Syst. Sci.},
	VOLUME    = {30},
	NUMBER    = {1},
	PAGES     = {1--24},
	YEAR      = {1985}
}

@inproceedings{LibalRR14,
	author    = {Tomer Libal and
	Martin Riener and
	Mikheil Rukhaia},
	title     = {Advanced Proof Viewing in ProofTool},
	booktitle = {Proceedings Eleventh Workshop on User Interfaces for Theorem Provers,
	{UITP} 2014, Vienna, Austria, 17th July 2014.},
	pages     = {35--47},
	year      = {2014}
}

@inproceedings{CGMZ,
	author    = {Edmund M. Clarke and
	Orna Grumberg and
	Kenneth L. McMillan and
	Xudong Zhao},
	title     = {Efficient Generation of Counterexamples and Witnesses in Symbolic
	Model Checking},
	booktitle = {{DAC}},
	pages     = {427--432},
	year      = {1995}
}

@book{CBJPK,
	author    = {Christel Baier and
	Joost{-}Pieter Katoen},
	title     = {Principles of model checking},
	publisher = {{MIT} Press},
	year      = {2008}
}

@book{Mazza09,
	author    = {Riccardo Mazza},
	title     = {Introduction to Information Visualization},
	publisher = {Springer},
	year      = {2009}
}

@book{Spence07,
	author    = {Robert Spence},
	title     = {Information Visualization: Design for Interaction (2nd Edition)},
	publisher = {Prentice Hall},
	year      = {2007}
}

@article{LiuDJJ16,
	author    = {Ying Jiang and Jian Liu and Gilles Dowek and Kailiang Ji},
	title     = {{SCTL:} Towards Combining Model Checking and Proof Checking},
	journal   = {arXiv},
	year      = {2017}
}

@ARTICLE{ZHHW16,
	AUTHOR    = {张敏 and 霍朝光 and 霍帆帆 and 吴郁松},
	TITLE     = {国际信息可视化知识族群：演化、聚类及迁徙研究},
	JOURNAL   = {情报科学},
	VOLUME    = {4},
	PAGES     = {13--17},
	YEAR      = {2016}
}

@ARTICLE{FYL15,
	AUTHOR    = {冯艳林},
	TITLE     = {城市道路交通信息可视化及其应用研究},
	JOURNAL   = {黑龙江科技信息},
	VOLUME    = {17},
	PAGES     = {180},
	YEAR      = {2015}
}

